@article{10.1145/2980991,
author = {CACM Staff},
title = {React: Facebook’s Functional Turn on Writing Javascript},
year = {2016},
issue_date = {December 2016},
publisher = {Association for Computing Machinery},
address = {New York, NY, USA},
volume = {59},
number = {12},
issn = {0001-0782},
url = {https://doi.org/10.1145/2980991},
doi = {10.1145/2980991},
journal = {Commun. ACM},
month = dec,
pages = {56–62},
numpages = {7}
}

@article{tran2020tooling,
  title={Tooling with React},
  author={Tran, Thanh Binh},
  year={2020}
}

@inproceedings{vogel2017low,
  title={A low-effort analytics platform for visualizing evolving Flask-based Python web services},
  author={Vogel, Patrick and Klooster, Thijs and Andrikopoulos, Vasilios and Lungu, Mircea},
  booktitle={2017 IEEE Working Conference on Software Visualization (VISSOFT)},
  pages={109--113},
  year={2017},
  organization={IEEE}
}

@book{stouffer2015mastering,
  title={Mastering Flask},
  author={Stouffer, Jack},
  year={2015},
  publisher={Packt Publishing Ltd}
}

@inproceedings{boicea2012mongodb,
  title={MongoDB vs Oracle--database comparison},
  author={Boicea, Alexandru and Radulescu, Florin and Agapin, Laura Ioana},
  booktitle={2012 third international conference on emerging intelligent data and web technologies},
  pages={330--335},
  year={2012},
  organization={IEEE}
}

@article{pedersen2014mining,
  title={Mining and Analysing Publicity of Operating Systems on Social Networks},
  author={Pedersen, Brian and Hansen, Morten Rovelt and Mohanathas, Apinayan and Chen, Kaiji and Su, Li},
  year={2014}
}

@article{nurseitov2009comparison,
  title={Comparison of JSON and XML data interchange formats: a case study.},
  author={Nurseitov, Nurzhan and Paulson, Michael and Reynolds, Randall and Izurieta, Clemente},
  journal={Caine},
  volume={9},
  pages={157--162},
  year={2009}
}

@article{fielding1999hypertext,
  title={Hypertext transfer protocol--HTTP/1.1},
  author={Fielding, Roy and Gettys, Jim and Mogul, Jeffrey and Frystyk, Henrik and Masinter, Larry and Leach, Paul and Berners-Lee, Tim},
  year={1999},
  publisher={RFC 2616, june}
}

@inproceedings{khare2004extending,
  title={Extending the representational state transfer (rest) architectural style for decentralized systems},
  author={Khare, Rohit and Taylor, Richard N},
  booktitle={Proceedings. 26th International Conference on Software Engineering},
  pages={428--437},
  year={2004},
  organization={IEEE}
}

@book{okken2017python,
  title={Python Testing with Pytest: Simple, Rapid, Effective, and Scalable},
  author={Okken, Brian},
  year={2017},
  publisher={Pragmatic Bookshelf}
}

@article{soniapi,
author = {Ranga, Virender and Soni, Anshu},
year = {2019},
month = {08},
pages = {},
title = {API Features Individualizing of Web Services: REST and SOAP},
volume = {8},
journal = {International Journal of Innovative Technology and Exploring Engineering},
doi = {10.35940/ijitee.I1107.0789S19}
}

@inproceedings{holmes2006automating,
  title={Automating functional tests using selenium},
  author={Holmes, Antawan and Kellogg, Marc},
  booktitle={AGILE 2006 (AGILE'06)},
  pages={6--pp},
  year={2006},
  organization={IEEE}
}

@article{jones2015json,
  title={JSON Web Token (JWT) profile for OAuth 2.0 client authentication and authorization Grants},
  author={Jones, Michael and Campbell, Brain and Mortimore, Chuck},
  journal={May-2015.[Online]. Available: https://tools. ietf. org/html/rfc7523},
  year={2015}
}

  

